% -----------------------------------------------------------------------
% File: smacsmc2013template.bib
% -----------------------------------------------------------------------
% separate each line item with space, otherwise the reference will not be hyperlinked
% put the keyword "and" between authors to separate them.

@inproceedings{Someone:13 ,
  author = {A. Someone and B. Someone and C. Someone},
  title = {The title of the conf paper},
  booktitle = {Proc. Int. Conf. Sound and Music Computing},
  pages={213--218},
  address={Stockholm},
  year = {2013}
}

@article{Someone:09 ,
  author = {A. Someone and B. Someone and C. Someone},
  title = {The title of the journal paper},
  journal = {J. New Music Research},
  volume = {12},
  number = {2},
  pages = {111--222},
  year = {2009}
}

@book{Someone:04 ,
  author = {X. Someone and Y. Someone},
  title = {The Title of the Book},
  publisher = { Springer-Verlag },
  year = {2004}
}

% J. Saragih, ''Non-rigid Face Tracking". In Mastering OpenCV with Practical Computer Vision Projects. PACKT, Oct 2012. 